%%%%%%%%%%%%%%%%%%%%%%%%
%%%%%%%%%%%% RV
%%%%%%%%%%%%%%

@book{burdea2003virtual,
  title={Virtual reality technology},
  author={Burdea, Grigore C and Coiffet, Philippe},
  volume={1},
  year={2003},
  publisher={John Wiley \& Sons}
}


%%%%%%%%%%%%%%%%%%%%%%%%%%%%%%%%%%%%%%%%
%%%  MEDICOS      %%%%%%%%%%%%%%%%%%%%
%%%%%%%%%%%%%%%%%%%%%%%%%%%%%%%%%%%%%%%


@article{PATEL2017266.e7,
title = "Simulation based teaching in interventional radiology training: is it effective?",
journal = "Clinical Radiology",
volume = "72",
number = "3",
pages = "266.e7 - 266.e14",
year = "2017",
issn = "0009-9260",
doi = "10.1016/j.crad.2016.10.014",
author = "R. Patel and R. Dennick"
}

@Article{Tsui2007,
author="Tsui, Ban C. H.
and Dillane, Derek
and Pillay, Jennifer
and Ramji, Al-Karim
and Walji, Anil H.",
title="Cadaveric ultrasound imaging for training in ultrasound-guided peripheral nerve blocks: Lower extremity",
journal="Canadian Journal of Anesthesia",
year="2007",
month="Jun",
day="01",
volume="54",
number="6",
pages="475",
issn="1496-8975",
doi="10.1007/BF03022035"
}

@article{phantomra,
author = {Brascher, Anne-Kathrin and Blunk, James Allen and Bauer, Katrin and Feldmann, Jr. ,Robert and Benrath, Justus},
title = {Comprehensive Curriculum for Phantom-Based Training of Ultrasound-Guided Intercostal Nerve and Stellate Ganglion Blocks},
journal = {Pain Medicine},
volume = {15},
number = {10},
pages = {1647-1656},
year = {2014},
doi = {10.1111/pme.12365}
}

%anatomia
@article{ackerman1998visible,
  title={The visible human project},
  author={Ackerman, Michael J},
  journal={Proceedings of the IEEE},
  volume={86},
  number={3},
  pages={504--511},
  year={1998},
  publisher={IEEE}
}


@article{kelc2012zygote,
  title={Zygote body: A new interactive 3-dimensional didactical tool for teaching anatomy},
  author={Kelc, Robi},
  year={2012}
}

@article{qualter2012biodigital,
  title={The biodigital human: a web-based 3D platform for medical visualization and education.},
  author={Qualter, John and Sculli, Frank and Oliker, Aaron and Napier, Zachary and Lee, Sabrina and Garcia, Julio and Frenkel, Sally and Harnik, Victoria and Triola, Marc},
  journal={Studies in health technology and informatics},
  volume={173},
  pages={359--361},
  year={2012}
}


@article{visible2012visible,
  title={Visible Body{\textregistered} 3D Human Anatomy Atlas},
  author={Visible Body},
  year={2012},
  publisher={Argosy Publishing Inc. Newton, MA}
}

@misc{Anatomium,
author = {Anatomium},
title = {21ST Century Solutions Ltd.},
howpublished ={\url{http://www.anatomium.com/}},
note = {Consulta: Enero 2018}
}


@misc{BluePH,
author = {Blue Phantom},
title = {CAE Healthcare, FL, USA.},
howpublished ={\url{https://www.bluephantom.com/}},
note = {Consulta: Julio 2018}
}

@misc{VoxelMan,
author = {Voxel-Man},
title = {Segmented Inner Organs (SIO) Group.},
howpublished ={\url{https://www.voxel-man.com/segmented-inner-organs-of-the-visible-human/}},
note = {Consulta: Enero 2018}
}


@article{VM2002,
author = {Tiede, U and Pommert, Andreas and Pflesser, Bernhard and Richter, E and Riemer, Martin and Schiemann, T and Schubert, R and Schumacher, Udo and HÃ¶hne, Karl Heinz},
year = {2002},
month = {09},
pages = {212-212},
title = {A high-resolution model of the inner organs based on the visible human data set},
volume = {5},
booktitle = {Journal of Visualization}
}

%% simuladores

@article{bayona2014assessing,
  title={Assessing performance in shoulder arthroscopy: the imperial global arthroscopy rating scale (IGARS)},
  author={Bayona, Sofia and Akhtar, Kash and Gupte, Chinmay and Emery, Roger JH and Dodds, Alexander L and Bello, Fernando},
  journal={The Journal of bone and joint surgery. American volume},
  volume={96},
  number={13},
  pages={e112},
  year={2014},
  publisher={Journal of Bone and Joint Surgery, Inc.}
}

@inproceedings{deserno2015regional,
  title={Regional Anaesthesia Simulator and Assistant (RASimAs): medical image processing supporting anaesthesiologists in training and performance of local blocks},
  author={Deserno, Thomas M and de Oliveira, J{\'u}lia EE and Grottke, Oliver},
  booktitle={Computer-Based Medical Systems (CBMS), 2015 IEEE 28th International Symposium on},
  pages={348--351},
  year={2015},
  organization={IEEE}
}

@article{Seymour2008vr,
  title={VR to OR: a review of the evidence that virtual reality simulation improves operating room performance},
  author={Seymour, Neal E},
  journal={World journal of surgery},
  volume={32},
  number={2},
  pages={182--188},
  year={2008},
  publisher={Springer}
}

@article{dawe2014systematic,
  title={A systematic review of surgical skills transfer after simulation-based training: laparoscopic cholecystectomy and endoscopy},
  author={Dawe, Susan R and Windsor, John A and Broeders, Joris AJL and Cregan, Patrick C and Hewett, Peter J and Maddern, Guy J},
  journal={Annals of surgery},
  volume={259},
  number={2},
  pages={236--248},
  year={2014},
  publisher={LWW}
}

@article{buckley2014skillset,
  title={Is the skillset obtained in surgical simulation transferable to the operating theatre?},
  author={Buckley, Christina E and Kavanagh, Dara O and Traynor, Oscar and Neary, Paul C},
  journal={The American Journal of Surgery},
  volume={207},
  number={1},
  pages={146--157},
  year={2014},
  publisher={Elsevier}
}

@article{willaert2012recent,
  title={Recent advancements in medical simulation: patient-specific virtual reality simulation},
  author={Willaert, Willem IM and Aggarwal, Rajesh and Van Herzeele, Isabelle and Cheshire, Nicholas J and Vermassen, Frank E},
  journal={World journal of surgery},
  volume={36},
  number={7},
  pages={1703--1712},
  year={2012},
  publisher={Springer}
}

@article{votta2013toward,
  title={Toward patient-specific simulations of cardiac valves: state-of-the-art and future directions},
  author={Votta, Emiliano and Le, Trung Bao and Stevanella, Marco and Fusini, Laura and Caiani, Enrico G and Redaelli, Alberto and Sotiropoulos, Fotis},
  journal={Journal of biomechanics},
  volume={46},
  number={2},
  pages={217--228},
  year={2013},
  publisher={Elsevier}
}

@article{preim2018survey,
  title={A Survey of Virtual Human Anatomy Education Systems},
  author={Preim, Bernhard and Saalfeld, Patrick},
  journal={Computers \& Graphics},
  year={2018},
  publisher={Elsevier}
}

@article{cecil2017advanced,
  title={An advanced simulator for orthopedic surgical training},
  author={Cecil, J and Gupta, Avinash and Pirela-Cruz, Miguel},
  journal={International journal of computer assisted radiology and surgery},
  pages={1--15},
  year={2017},
  publisher={Springer}
}

@article{korzeniowski2018vcsim3,
  title={VCSim3: a VR simulator for cardiovascular interventions},
  author={Korzeniowski, Przemyslaw and White, Ruth J and Bello, Fernando},
  journal={International journal of computer assisted radiology and surgery},
  volume={13},
  number={1},
  pages={135--149},
  year={2018},
  publisher={Springer}
}

@article{villard2014interventional,
  title={Interventional radiology virtual simulator for liver biopsy},
  author={Villard, Pierre-Fr{\'e}d{\'e}ric and Vidal, Franck Patrick and Ap Cenydd, Llyr and Holbrey, Richard and Pisharody, S and Johnson, Sheena and Bulpitt, Andy and John, Nigel W and Bello, Fernando and Gould, Daniel},
  journal={International journal of computer assisted radiology and surgery},
  volume={9},
  number={2},
  pages={255--267},
  year={2014},
  publisher={Springer}
}


@article{Willaert2012,
  year={2012},
  issn={0364-2313},
  journal={World Journal of Surgery},
  volume={36},
  number={7},
  doi={10.1007/s00268-012-1489-0},
  title={Recent Advancements in Medical Simulation: Patient-Specific Virtual Reality Simulation},
  url={http://dx.doi.org/10.1007/s00268-012-1489-0},
  publisher={Springer-Verlag},
  author={Willaert, WillemI.M. and Aggarwal, Rajesh and Van Herzeele, Isabelle and Cheshire, NicholasJ. and Vermassen, FrankE.},
  pages={1703-1712},
  language={English}
}
@article{Votta2013,
  title={Toward patient-specific simulations of cardiac valves: state-of-the-art and future directions},
  author={Votta, Emiliano and Le, Trung Bao and Stevanella, Marco and Fusini, Laura and Caiani, Enrico G and Redaelli, Alberto and Sotiropoulos, Fotis},
  journal={Journal of biomechanics},
  volume={46},
  number={2},
  pages={217--228},
  year={2013},
  publisher={Elsevier}
}

@article{Ullrich2009,
  title={An intersubject variable regional anesthesia simulator with a virtual patient architecture},
  author={Ullrich, Sebastian and Grottke, Oliver and Fried, Eduard and Frommen, Thorsten and Liao, Wei and Rossaint, Rolf and Kuhlen, Torsten and Deserno, Thomas M},
  journal={International journal of computer assisted radiology and surgery},
  volume={4},
  number={6},
  pages={561--570},
  year={2009},
  publisher={Springer}
}


%% anestesiologia
@article{broom2018evaluation,
  title={Evaluation of the Genesis Epidural-Spinal Injection Simulator},
  author={Broom, MA and Milne, G and McGrady, EM},
  journal={International journal of obstetric anesthesia},
  volume={33},
  pages={90--92},
  year={2018},
  publisher={Elsevier}
}


@inproceedings{Bibin,
 author = {Bibin, Lazar and L{\'e}cuyer, Anatole and Burkhardt, Jean-Marie and Delbos, Alain and Bonnet, Madeleine},
 title = {SAILOR: A 3-D Medical Simulator of Loco-regional Anaesthesia Based on Desktop Virtual Reality and Pseudo-haptic Feedback},
 booktitle = {Proceedings of the 2008 ACM Symposium on Virtual Reality Software and Technology},
 series = {VRST '08},
 year = {2008},
 isbn = {978-1-59593-951-7},
 location = {Bordeaux, France},
 pages = {97--100},
 numpages = {4},
 url = {http://doi.acm.org/10.1145/1450579.1450600},
 doi = {10.1145/1450579.1450600},
 acmid = {1450600},
 publisher = {ACM},
 address = {New York, NY, USA},
 keywords = {desktop virtual reality, interactive technique, loco-regional anaesthesia, medical simulator, pseudo-haptic},
} 

@article{Grottke2009594,
title = "Virtual reality-based simulator for training in regional anaesthesia ",
journal = "British Journal of Anaesthesia ",
volume = "103",
number = "4",
pages = "594 - 600",
year = "2009",
note = "",
issn = "0007-0912",
doi = "https://doi.org/10.1093/bja/aep224",
url = "https://www.sciencedirect.com/science/article/pii/S000709121733951X",
author = "O. Grottke and A. Ntouba and S. Ullrich and W. Liao and E. Fried and A. Prescher and T.M. Deserno and T. Kuhlen and R. Rossaint",
keywords = "anaesthetic techniques, regional",
keywords = "anaesthetic techniques, regional, inguinal",
keywords = "education",
keywords = "model, computer simulation "
}

@techreport{lim2008simulation,
  title={Simulation-based military regional anesthesia training system},
  author={Lim, Yi-Je and Le, Tuan and Valdivia, Pablo and Tardella, Neil and Curley, Kenneth},
  year={2008},
  institution={ARMY MEDICAL RESEARCH AND MATERIEL COMMAND FORT DETRICK MD TELEMEDICINE AND ADVANCED TECH RESEARCH CENTER}
}


%%%radiologia

@book{carver2012medical,
  title={Medical Imaging-E-Book: Techniques, Reflection and Evaluation},
  author={Carver, Elizabeth and Carver, Barry},
  year={2012},
  publisher={Elsevier Health Sciences}
}


@inproceedings{deshpande2017integrated,
  title={An Integrated Database and Smart Search Tool for Medical Knowledge Extraction from Radiology Teaching Files},
  author={Deshpande, Priya and Rasin, Alexander and Brown, Eli and Furst, Jacob and Raicu, Daniela and Montner, Steven and Armato III, Samuel},
  booktitle={Medical Informatics and Healthcare},
  pages={10--18},
  year={2017}
}

@article{Spouge2017,
author="Spouge, Rebecca",
title="Review of UBC Radiology Teaching App",
journal="Journal of Digital Imaging",
year="2017",
month="Oct",
day="30",
issn="1618-727X",
doi="10.1007/s10278-017-0034-y",
url="https://doi.org/10.1007/s10278-017-0034-y"
}

@article{shanahan2016student,
  title={Student perspective on using a virtual radiography simulation},
  author={Shanahan, Madeleine},
  journal={Radiography},
  volume={22},
  number={3},
  pages={217--222},
  year={2016},
  publisher={Elsevier}
}

%%%%%%%%%%%%%%%%%%%%%%%%%%%%%%%%%%%%%%%%%%%%%%%%%%%%%%
%%%%%%%%%%%% REGISTRATION
%%%%%%%%%%%%%%%%%%%%%%%%%%%%%%%%%%%%%%%%%%%%%%%%%%%
@inproceedings{de2016surface,
  title={Surface mesh to voxel data registration for patient-specific anatomical modeling},
  author={de Oliveira, J{\'u}lia EE and Giessler, Paul and Keszei, Andr{\'a}s and Herrler, Andreas and Deserno, Thomas M},
  booktitle={Medical Imaging 2016: Image-Guided Procedures, Robotic Interventions, and Modeling},
  volume={9786},
  pages={978625},
  year={2016},
  organization={International Society for Optics and Photonics}
}

@article{ferrante2017slice,
  title={Slice-to-volume medical image registration: A survey},
  author={Ferrante, Enzo and Paragios, Nikos},
  journal={Medical image analysis},
  volume={39},
  pages={101--123},
  year={2017},
  publisher={Elsevier}
}


%%%%%%%%%%%%%%%%%%%%%%%%%%
%%%%%%%%%%% Entrenamiento y evaluaciÃ³n
%%%%%%%%%%%%%%%%%%%%%%%%%%%%%

@book{donaldson2000err,
  title={To err is human: building a safer health system},
  author={Donaldson, Molla S and Corrigan, Janet M and Kohn, Linda T and others},
  volume={6},
  year={2000},
  publisher={National Academies Press}
}

@article{page2000brief,
  title={Brief history of flight simulation},
  author={Page, Ray L},
  journal={SimTecT 2000 Proceedings},
  pages={11--17},
  year={2000},
  publisher={Citeseer}
}

@book{dent2017practical,
  title={A practical guide for medical teachers},
  author={Dent, John and Harden, Ronald M and Hunt, Dan},
  year={2017},
  publisher={Elsevier Health Sciences}
}

@article{pales2010uso,
  title={El uso de las simulaciones en educaci{\'o}n m{\'e}dica},
  author={Pal{\'e}s Argull{\'o}s, Jorge L and Gomar Sancho, Carmen},
  journal={Teor{\'\i}a de la Educaci{\'o}n. Educaci{\'o}n y Cultura en la Sociedad de la Informaci{\'o}n},
  volume={11},
  number={2},
  year={2010},
  publisher={Universidad de Salamanca}
}

@article{norcini2011criteria,
  title={Criteria for good assessment: consensus statement and recommendations from the Ottawa 2010 Conference},
  author={Norcini, John and Anderson, Brownell and Bollela, Valdes and Burch, Vanessa and Costa, Manuel Jo{\~a}o and Duvivier, Robbert and Galbraith, Robert and Hays, Richard and Kent, Athol and Perrott, Vanessa and others},
  journal={Medical teacher},
  volume={33},
  number={3},
  pages={206--214},
  year={2011},
  publisher={Taylor \& Francis}
}

@article{ziv2008educacion,
  title={La educaci{\'o}n m{\'e}dica basada en simulaciones},
  author={Ziv, Amitai and Berkenstadt, Haim},
  journal={Jano: Medicina y humanidades},
  number={1701},
  pages={42},
  year={2008},
  publisher={Doyma}
}


%%%%%%%%%%%%%%%%%%%%%
%%%% GrÃ¡ficos %%%%%%%

%%%%%%%%%%%%


@INPROCEEDINGS{thalmann88,
    author = {Nadia Magnenat-thalmann and Richard Laperrire and Daniel Thalmann and UniversitÃ© De MontrÃ©al},
    title = {Joint-Dependent Local Deformations for Hand Animation and Object Grasping},
    booktitle = {In Proceedings on Graphics interface â88},
    year = {1988},
    pages = {26--33}
}

@article{joints,
 author = {Lee, Sung-Hee and Terzopoulos, Demetri},
 title = {Spline Joints for Multibody Dynamics},
 journal = {ACM Trans. Graph.},
 issue_date = {August 2008},
 volume = {27},
 number = {3},
 month = aug,
 year = {2008},
 issn = {0730-0301},
 pages = {22:1--22:8},
 articleno = {22},
 numpages = {8},
 url = {http://doi.acm.org/10.1145/1360612.1360621},
 doi = {10.1145/1360612.1360621},
 acmid = {1360621},
 publisher = {ACM},
 address = {New York, NY, USA},
 keywords = {biological joints, multibody dynamics, scleronomic joints, splines},
} 

@article{Baran:2007,
 author = {Baran, Ilya and Popovi\'{c}, Jovan},
 title = {Automatic Rigging and Animation of 3D Characters},
 journal = {ACM Trans. Graph.},
 issue_date = {July 2007},
 volume = {26},
 number = {3},
 month = jul,
 year = {2007},
 issn = {0730-0301},
 articleno = {72},
 url = {http://doi.acm.org/10.1145/1276377.1276467},
 doi = {10.1145/1276377.1276467},
 acmid = {1276467},
 publisher = {ACM},
 address = {New York, NY, USA},
 keywords = {animation, deformations, geometric modeling},
} 

@article{Jacobson:2011,
 author = {Jacobson, Alec and Baran, Ilya and Popovi\'{c}, Jovan and Sorkine, Olga},
 title = {Bounded Biharmonic Weights for Real-time Deformation},
 journal = {ACM Trans. Graph.},
 issue_date = {July 2011},
 volume = {30},
 number = {4},
 month = jul,
 year = {2011},
 issn = {0730-0301},
 pages = {78:1--78:8},
 articleno = {78},
 numpages = {8},
 url = {http://doi.acm.org/10.1145/2010324.1964973},
 doi = {10.1145/2010324.1964973},
 acmid = {1964973},
 publisher = {ACM},
 address = {New York, NY, USA},
 keywords = {articulated character animation, generalized barycentric coordinates, linear blend skinning, shape deformation},
} 